@ARTICLE{Frankel+2019,
       author = {{Frankel}, Neige and {Sanders}, Jason and {Rix}, Hans-Walter and {Ting}, Yuan-Sen and {Ness}, Melissa},
        title = "{The Inside-out Growth of the Galactic Disk}",
      journal = {\apj},
     keywords = {Galaxy formation, Milky Way disk, Milky Way formation, 595, 1050, 1053, Astrophysics - Astrophysics of Galaxies},
         year = 2019,
        month = oct,
       volume = {884},
       number = {2},
          eid = {99},
        pages = {99},
          doi = {10.3847/1538-4357/ab4254},
archivePrefix = {arXiv},
       eprint = {1909.07118},
 primaryClass = {astro-ph.GA},
       adsurl = {https://ui.adsabs.harvard.edu/abs/2019ApJ...884...99F},
      adsnote = {Provided by the SAO/NASA Astrophysics Data System}
}

@ARTICLE{Wagg+2022,
       author = {{Wagg}, T. and {Broekgaarden}, F.~S. and {de Mink}, S.~E. and {Frankel}, N. and {van Son}, L.~A.~C. and et al.},
        title = "{Gravitational Wave Sources in Our Galactic Backyard: Predictions for BHBH, BHNS, and NSNS Binaries Detectable with LISA}",
      journal = {\apj},
     keywords = {Gravitational waves, Gravitational wave detectors, Compact objects, Neutron stars, Stellar mass black holes, Binary stars, Pulsars, Stellar evolution, 678, 676, 288, 1108, 1611, 154, 1306, 1599, Astrophysics - High Energy Astrophysical Phenomena},
         year = 2022,
        month = oct,
       volume = {937},
       number = {2},
          eid = {118},
        pages = {118},
          doi = {10.3847/1538-4357/ac8675},
archivePrefix = {arXiv},
       eprint = {2111.13704},
 primaryClass = {astro-ph.HE},
       adsurl = {https://ui.adsabs.harvard.edu/abs/2022ApJ...937..118W},
      adsnote = {Provided by the SAO/NASA Astrophysics Data System}
}

@ARTICLE{Fall+1980,
       author = {{Fall}, S.~M. and {Efstathiou}, G.},
        title = "{Formation and rotation of disc galaxies with haloes.}",
      journal = {\mnras},
     keywords = {Disk Galaxies, Galactic Evolution, Galactic Rotation, Galactic Structure, Halos, Angular Momentum, Astronomical Models, Interstellar Gas, Mass Ratios, Astrophysics},
         year = 1980,
        month = oct,
       volume = {193},
        pages = {189-206},
          doi = {10.1093/mnras/193.2.189},
       adsurl = {https://ui.adsabs.harvard.edu/abs/1980MNRAS.193..189F},
      adsnote = {Provided by the SAO/NASA Astrophysics Data System}
}

@ARTICLE{vanDokkum+2013,
       author = {{van Dokkum}, Pieter G. and {Leja}, Joel and {Nelson}, Erica June and {Patel}, Shannon and {Skelton}, Rosalind E. and et al.},
        title = "{The Assembly of Milky-Way-like Galaxies Since z \raisebox{-0.5ex}\textasciitilde 2.5}",
      journal = {\apjl},
     keywords = {cosmology: observations, galaxies: evolution, Galaxy: formation, Galaxy: structure, Astrophysics - Cosmology and Nongalactic Astrophysics},
         year = 2013,
        month = jul,
       volume = {771},
       number = {2},
          eid = {L35},
        pages = {L35},
          doi = {10.1088/2041-8205/771/2/L35},
archivePrefix = {arXiv},
       eprint = {1304.2391},
 primaryClass = {astro-ph.CO},
       adsurl = {https://ui.adsabs.harvard.edu/abs/2013ApJ...771L..35V},
      adsnote = {Provided by the SAO/NASA Astrophysics Data System}
}

@ARTICLE{Banerjee+2020,
       author = {{Banerjee}, Projjwal and {Wu}, Meng-Ru and {Yuan}, Zhen},
        title = "{Neutron Star Mergers as the Main Source of r-process: Natal Kicks and Inside-out Evolution to the Rescue}",
      journal = {\apjl},
     keywords = {R-process, Galaxy chemical evolution, Solar neighborhood, the Milky Way physics, Compact objects, Neutron stars, 1324, 580, 1509, 1056, 288, 1108, Astrophysics - Astrophysics of Galaxies, Astrophysics - High Energy Astrophysical Phenomena},
         year = 2020,
        month = oct,
       volume = {902},
       number = {2},
          eid = {L34},
        pages = {L34},
          doi = {10.3847/2041-8213/abbc0d},
archivePrefix = {arXiv},
       eprint = {2007.04442},
 primaryClass = {astro-ph.GA},
       adsurl = {https://ui.adsabs.harvard.edu/abs/2020ApJ...902L..34B},
      adsnote = {Provided by the SAO/NASA Astrophysics Data System}
}

@ARTICLE{Hogg+2019,
       author = {{Hogg}, David W. and {Eilers}, Anna-Christina and {Rix}, Hans-Walter},
        title = "{Spectrophotometric Parallaxes with Linear Models: Accurate Distances for Luminous Red-giant Stars}",
      journal = {\aj},
     keywords = {catalogs, Galaxy: disk, methods: statistical, stars: distances, surveys, techniques: spectroscopic, Astrophysics - Astrophysics of Galaxies, Astrophysics - Instrumentation and Methods for Astrophysics, Astrophysics - Solar and Stellar Astrophysics},
         year = 2019,
        month = oct,
       volume = {158},
       number = {4},
          eid = {147},
        pages = {147},
          doi = {10.3847/1538-3881/ab398c},
archivePrefix = {arXiv},
       eprint = {1810.09468},
 primaryClass = {astro-ph.GA},
       adsurl = {https://ui.adsabs.harvard.edu/abs/2019AJ....158..147H},
      adsnote = {Provided by the SAO/NASA Astrophysics Data System}
}

@ARTICLE{Goddard+2017,
       author = {{Goddard}, D. and {Thomas}, D. and {Maraston}, C. and {Westfall}, K. and {Etherington}, J. and et al.},
        title = "{SDSS-IV MaNGA: Spatially resolved star formation histories in galaxies as a function of galaxy mass and type}",
      journal = {\mnras},
     keywords = {galaxies: formation, galaxies: evolution, galaxies: elliptical and lenticular, cD, galaxies: spiral, galaxies: stellar content, galaxies: star formation, Astrophysics - Astrophysics of Galaxies},
         year = 2017,
        month = apr,
       volume = {466},
       number = {4},
        pages = {4731-4758},
          doi = {10.1093/mnras/stw3371},
archivePrefix = {arXiv},
       eprint = {1612.01546},
 primaryClass = {astro-ph.GA},
       adsurl = {https://ui.adsabs.harvard.edu/abs/2017MNRAS.466.4731G},
      adsnote = {Provided by the SAO/NASA Astrophysics Data System}
}

