@ARTICLE{Christiansen+2018,
       author = {{Christiansen}, Jessie L. and {Crossfield}, Ian J.~M. and {Barentsen}, Geert and {Lintott}, Chris J. and {Barclay}, Thomas and et al.},
        title = "{The K2-138 System: A Near-resonant Chain of Five Sub-Neptune Planets Discovered by Citizen Scientists}",
      journal = {\aj},
     keywords = {eclipses, stars: individual: K2-138, techniques: photometric, techniques: spectroscopic, Astrophysics - Earth and Planetary Astrophysics},
         year = 2018,
        month = feb,
       volume = {155},
       number = {2},
          eid = {57},
        pages = {57},
          doi = {10.3847/1538-3881/aa9be0},
archivePrefix = {arXiv},
       eprint = {1801.03874},
 primaryClass = {astro-ph.EP},
       adsurl = {https://ui.adsabs.harvard.edu/abs/2018AJ....155...57C},
      adsnote = {Provided by the SAO/NASA Astrophysics Data System}
}

@ARTICLE{Acuna+2022,
       author = {{Acu{\~n}a}, L. and {Lopez}, T.~A. and {Morel}, T. and {Deleuil}, M. and {Mousis}, O. and et al.},
        title = "{Water content trends in K2-138 and other low-mass multi-planetary systems}",
      journal = {\aap},
     keywords = {stars: abundances, stars: individual: K2-138, planets and satellites: interiors, planets and satellites: composition, planets and satellites: individual: K2-138, methods: numerical, Astrophysics - Earth and Planetary Astrophysics},
         year = 2022,
        month = apr,
       volume = {660},
          eid = {A102},
        pages = {A102},
          doi = {10.1051/0004-6361/202142374},
archivePrefix = {arXiv},
       eprint = {2201.11532},
 primaryClass = {astro-ph.EP},
       adsurl = {https://ui.adsabs.harvard.edu/abs/2022A&A...660A.102A},
      adsnote = {Provided by the SAO/NASA Astrophysics Data System}
}

@ARTICLE{Lopez+2019,
       author = {{Lopez}, T.~A. and {Barros}, S.~C.~C. and {Santerne}, A. and {Deleuil}, M. and {Adibekyan}, V. and et al.},
        title = "{Exoplanet characterisation in the longest known resonant chain: the K2-138 system seen by HARPS}",
      journal = {\aap},
     keywords = {planets and satellites: detection, planets and satellites: fundamental parameters, stars: individual: K2-138, techniques: radial velocities, techniques: photometric, Astrophysics - Earth and Planetary Astrophysics},
         year = 2019,
        month = nov,
       volume = {631},
          eid = {A90},
        pages = {A90},
          doi = {10.1051/0004-6361/201936267},
archivePrefix = {arXiv},
       eprint = {1909.13527},
 primaryClass = {astro-ph.EP},
       adsurl = {https://ui.adsabs.harvard.edu/abs/2019A&A...631A..90L},
      adsnote = {Provided by the SAO/NASA Astrophysics Data System}
}

@ARTICLE{Hardegree-Ullman+2021,
       author = {{Hardegree-Ullman}, Kevin K. and {Christiansen}, Jessie L. and {Ciardi}, David R. and {Crossfield}, Ian J.~M. and {Dressing}, Courtney D. and et al.},
        title = "{K2-138 g: Spitzer Spots a Sixth Planet for the Citizen Science System}",
      journal = {\aj},
     keywords = {Exoplanet systems, Exoplanets, Mini Neptunes, Super Earths, 484, 498, 1063, 1655, Astrophysics - Earth and Planetary Astrophysics},
         year = 2021,
        month = may,
       volume = {161},
       number = {5},
          eid = {219},
        pages = {219},
          doi = {10.3847/1538-3881/abeab0},
archivePrefix = {arXiv},
       eprint = {2102.08978},
 primaryClass = {astro-ph.EP},
       adsurl = {https://ui.adsabs.harvard.edu/abs/2021AJ....161..219H},
      adsnote = {Provided by the SAO/NASA Astrophysics Data System}
}

