@ARTICLE{Pollack+1996,
       author = {{Pollack}, James B. and {Hubickyj}, Olenka and {Bodenheimer}, Peter and {Lissauer}, Jack J. and {Podolak}, Morris and et al.},
        title = "{Formation of the Giant Planets by Concurrent Accretion of Solids and Gas}",
      journal = {\icarus},
         year = 1996,
        month = nov,
       volume = {124},
       number = {1},
        pages = {62-85},
          doi = {10.1006/icar.1996.0190},
       adsurl = {https://ui.adsabs.harvard.edu/abs/1996Icar..124...62P},
      adsnote = {Provided by the SAO/NASA Astrophysics Data System}
}

@ARTICLE{Stevenson+1982,
       author = {{Stevenson}, D.~J.},
        title = "{Formation of the giant planets}",
      journal = {\planss},
     keywords = {Gas Giant Planets, Planetary Composition, Planetary Cores, Planetary Evolution, Planetary Mass, Planetary Temperature, Adiabatic Conditions, Astronomical Models, Convective Heat Transfer, Gravitational Collapse, Luminosity, Natural Satellites, Nebulae, Protoplanets, Thermal Diffusion, Lunar and Planetary Exploration},
         year = 1982,
        month = aug,
       volume = {30},
       number = {8},
        pages = {755-764},
          doi = {10.1016/0032-0633(82)90108-8},
       adsurl = {https://ui.adsabs.harvard.edu/abs/1982P&SS...30..755S},
      adsnote = {Provided by the SAO/NASA Astrophysics Data System}
}

@ARTICLE{Bodenheimer+2013,
       author = {{Bodenheimer}, Peter and {D'Angelo}, Gennaro and {Lissauer}, Jack J. and {Fortney}, Jonathan J. and {Saumon}, Didier},
        title = "{Deuterium Burning in Massive Giant Planets and Low-mass Brown Dwarfs Formed by Core-nucleated Accretion}",
      journal = {\apj},
     keywords = {accretion, accretion disks, brown dwarfs, planets and satellites: formation, planets and satellites: individual: beta Pictoris b, planets and satellites: physical evolution, Astrophysics - Earth and Planetary Astrophysics},
         year = 2013,
        month = jun,
       volume = {770},
       number = {2},
          eid = {120},
        pages = {120},
          doi = {10.1088/0004-637X/770/2/120},
archivePrefix = {arXiv},
       eprint = {1305.0980},
 primaryClass = {astro-ph.EP},
       adsurl = {https://ui.adsabs.harvard.edu/abs/2013ApJ...770..120B},
      adsnote = {Provided by the SAO/NASA Astrophysics Data System}
}

@ARTICLE{Bowler+2016,
       author = {{Bowler}, Brendan P.},
        title = "{Imaging Extrasolar Giant Planets}",
      journal = {\pasp},
     keywords = {Astrophysics - Earth and Planetary Astrophysics},
         year = 2016,
        month = oct,
       volume = {128},
       number = {968},
        pages = {102001},
          doi = {10.1088/1538-3873/128/968/102001},
archivePrefix = {arXiv},
       eprint = {1605.02731},
 primaryClass = {astro-ph.EP},
       adsurl = {https://ui.adsabs.harvard.edu/abs/2016PASP..128j2001B},
      adsnote = {Provided by the SAO/NASA Astrophysics Data System}
}

@ARTICLE{Cameron+1982,
       author = {{Cameron}, A.~G.~W. and {Decampli}, W.~M. and {Bodenheimer}, P.},
        title = "{Evolution of giant gaseous protoplanets embedded in the primitive solar nebula}",
      journal = {\icarus},
     keywords = {Gas Giant Planets, Planetary Evolution, Protoplanets, Solar Corona, Astronomical Models, Terrestrial Planets, Time Dependence, Astrophysics},
         year = 1982,
        month = mar,
       volume = {49},
       number = {3},
        pages = {298-312},
          doi = {10.1016/0019-1035(82)90038-0},
       adsurl = {https://ui.adsabs.harvard.edu/abs/1982Icar...49..298C},
      adsnote = {Provided by the SAO/NASA Astrophysics Data System}
}

@INPROCEEDINGS{Durisen+2007,
       author = {{Durisen}, R.~H. and {Boss}, A.~P. and {Mayer}, L. and {Nelson}, A.~F. and {Quinn}, T. and et al.},
        title = "{Gravitational Instabilities in Gaseous Protoplanetary Disks and Implications for Giant Planet Formation}",
     keywords = {Astrophysics},
    booktitle = {Protostars and Planets V},
         year = 2007,
       editor = {{Reipurth}, Bo and {Jewitt}, David and {Keil}, Klaus},
        month = jan,
        pages = {607},
archivePrefix = {arXiv},
       eprint = {astro-ph/0603179},
 primaryClass = {astro-ph},
       adsurl = {https://ui.adsabs.harvard.edu/abs/2007prpl.conf..607D},
      adsnote = {Provided by the SAO/NASA Astrophysics Data System}
}

@ARTICLE{Baruteau+2011,
       author = {{Baruteau}, Cl{\'e}ment and {Meru}, Farzana and {Paardekooper}, Sijme-Jan},
        title = "{Rapid inward migration of planets formed by gravitational instability}",
      journal = {\mnras},
     keywords = {accretion, accretion discs, hydrodynamics, turbulence, methods: numerical, planet-disc interactions, protoplanetary discs, Astrophysics - Earth and Planetary Astrophysics, Astrophysics - Solar and Stellar Astrophysics},
         year = 2011,
        month = sep,
       volume = {416},
       number = {3},
        pages = {1971-1982},
          doi = {10.1111/j.1365-2966.2011.19172.x},
archivePrefix = {arXiv},
       eprint = {1106.0487},
 primaryClass = {astro-ph.EP},
       adsurl = {https://ui.adsabs.harvard.edu/abs/2011MNRAS.416.1971B},
      adsnote = {Provided by the SAO/NASA Astrophysics Data System}
}

@INCOLLECTION{D'Angelo+2018,
       author = {{D'Angelo}, Gennaro and {Lissauer}, Jack J.},
        title = "{Formation of Giant Planets}",
     keywords = {Physics, Astrophysics - Earth and Planetary Astrophysics},
    booktitle = {Handbook of Exoplanets},
         year = 2018,
       editor = {{Deeg}, Hans J. and {Belmonte}, Juan Antonio},
          eid = {140},
        pages = {140},
          doi = {10.1007/978-3-319-55333-7\_140},
       adsurl = {https://ui.adsabs.harvard.edu/abs/2018haex.bookE.140D},
      adsnote = {Provided by the SAO/NASA Astrophysics Data System}
}

@ARTICLE{Schlaufman+2018,
       author = {{Schlaufman}, Kevin C.},
        title = "{Evidence of an Upper Bound on the Masses of Planets and Its Implications for Giant Planet Formation}",
      journal = {\apj},
     keywords = {binaries: spectroscopic, brown dwarfs, planets and satellites: formation, protoplanetary disks, stars: formation, stars: low-mass, Astrophysics - Earth and Planetary Astrophysics, Astrophysics - Solar and Stellar Astrophysics},
         year = 2018,
        month = jan,
       volume = {853},
       number = {1},
          eid = {37},
        pages = {37},
          doi = {10.3847/1538-4357/aa961c},
archivePrefix = {arXiv},
       eprint = {1801.06185},
 primaryClass = {astro-ph.EP},
       adsurl = {https://ui.adsabs.harvard.edu/abs/2018ApJ...853...37S},
      adsnote = {Provided by the SAO/NASA Astrophysics Data System}
}

@ARTICLE{Forgan+2013,
       author = {{Forgan}, Duncan and {Rice}, Ken},
        title = "{Towards a population synthesis model of objects formed by self-gravitating disc fragmentation and tidal downsizing}",
      journal = {\mnras},
     keywords = {accretion, accretion discs, methods: numerical, methods: statistical, planets and satellites: formation, stars: formation, Astrophysics - Earth and Planetary Astrophysics, Astrophysics - Solar and Stellar Astrophysics},
         year = 2013,
        month = jul,
       volume = {432},
       number = {4},
        pages = {3168-3185},
          doi = {10.1093/mnras/stt672},
archivePrefix = {arXiv},
       eprint = {1304.4978},
 primaryClass = {astro-ph.EP},
       adsurl = {https://ui.adsabs.harvard.edu/abs/2013MNRAS.432.3168F},
      adsnote = {Provided by the SAO/NASA Astrophysics Data System}
}

@ARTICLE{Suzuki+2018,
       author = {{Suzuki}, Daisuke and {Bennett}, David P. and {Ida}, Shigeru and {Mordasini}, Christoph and {Bhattacharya}, Aparna and et al.},
        title = "{Microlensing Results Challenge the Core Accretion Runaway Growth Scenario for Gas Giants}",
      journal = {\apjl},
     keywords = {gravitational lensing: micro, planetary systems, planets and satellites: formation, planet{\textendash}disk interactions, Astrophysics - Earth and Planetary Astrophysics},
         year = 2018,
        month = dec,
       volume = {869},
       number = {2},
          eid = {L34},
        pages = {L34},
          doi = {10.3847/2041-8213/aaf577},
archivePrefix = {arXiv},
       eprint = {1812.11785},
 primaryClass = {astro-ph.EP},
       adsurl = {https://ui.adsabs.harvard.edu/abs/2018ApJ...869L..34S},
      adsnote = {Provided by the SAO/NASA Astrophysics Data System}
}

@ARTICLE{Bitsch+2019,
       author = {{Bitsch}, Bertram and {Izidoro}, Andre and {Johansen}, Anders and {Raymond}, Sean N. and {Morbidelli}, Alessandro and et al.},
        title = "{Formation of planetary systems by pebble accretion and migration: growth of gas giants}",
      journal = {\aap},
     keywords = {accretion, accretion discs, planets and satellites: formation, protoplanetary discs, planet-disc interactions, Astrophysics - Earth and Planetary Astrophysics},
         year = 2019,
        month = mar,
       volume = {623},
          eid = {A88},
        pages = {A88},
          doi = {10.1051/0004-6361/201834489},
archivePrefix = {arXiv},
       eprint = {1902.08771},
 primaryClass = {astro-ph.EP},
       adsurl = {https://ui.adsabs.harvard.edu/abs/2019A&A...623A..88B},
      adsnote = {Provided by the SAO/NASA Astrophysics Data System}
}

@ARTICLE{Tychoniec+2020,
       author = {{Tychoniec}, {\L}ukasz and {Manara}, Carlo F. and {Rosotti}, Giovanni P. and {van Dishoeck}, Ewine F. and {Cridland}, Alexander J. and et al.},
        title = "{Dust masses of young disks: constraining the initial solid reservoir for planet formation}",
      journal = {\aap},
     keywords = {protoplanetary disks, planets and satellites: formation, instrumentation: interferometers, stars: formation, submillimeter: ISM, planets and satellites: gaseous planets, Astrophysics - Earth and Planetary Astrophysics, Astrophysics - Astrophysics of Galaxies, Astrophysics - Solar and Stellar Astrophysics},
         year = 2020,
        month = aug,
       volume = {640},
          eid = {A19},
        pages = {A19},
          doi = {10.1051/0004-6361/202037851},
archivePrefix = {arXiv},
       eprint = {2006.02812},
 primaryClass = {astro-ph.EP},
       adsurl = {https://ui.adsabs.harvard.edu/abs/2020A&A...640A..19T},
      adsnote = {Provided by the SAO/NASA Astrophysics Data System}
}

@ARTICLE{Bitsch+2021,
       author = {{Bitsch}, Bertram and {Raymond}, Sean N. and {Buchhave}, Lars A. and {Bello-Arufe}, Aaron and {Rathcke}, Alexander D. and et al.},
        title = "{Dry or water world? How the water contents of inner sub-Neptunes constrain giant planet formation and the location of the water ice line}",
      journal = {\aap},
     keywords = {accretion, accretion disks, planets and satellites: formation, protoplanetary disks, planets and satellites: composition, Astrophysics - Earth and Planetary Astrophysics, Astrophysics - Solar and Stellar Astrophysics},
         year = 2021,
        month = may,
       volume = {649},
          eid = {L5},
        pages = {L5},
          doi = {10.1051/0004-6361/202140793},
archivePrefix = {arXiv},
       eprint = {2104.11631},
 primaryClass = {astro-ph.EP},
       adsurl = {https://ui.adsabs.harvard.edu/abs/2021A&A...649L...5B},
      adsnote = {Provided by the SAO/NASA Astrophysics Data System}
}

